@BOOK {libro:ejemplo_varios_autores,
    author    = "Apellido, Nombre. and  Apellido, Nombre. and Apellido, Nombre",
    title     = "Título del Libro",
    publisher = "Editorial o universidad que lo publicó",
    year      = "2001",
    month     = "mar"
}

@BOOK {libro:ejemplo_dos_autores,
    author    = "Apellido, Nombre. and  Apellido, Nombre.",
    title     = "Título del Libro",
    publisher = "Editorial o universidad que lo publicó",
    year      = "2001",
    month     = "mar"
}

@BOOK {libro:ejemplo,
    author    = "Apellido, Nombre",
    title     = "Título del Libro",
    publisher = "Editorial o universidad que lo publicó",
    year      = "2000",
    month     = "jun",
    volume    = "20"
}

@ARTICLE{articulo:ejemplo,
    author    = "Apellido, Nombre",
    title     = "Título del artículo",
    journal   = "Nombre de la institución que lo público",
    year      = "2017",
    volume    = "50"
}

@ONLINE {blog:ejemplo,
    author    = "Apellido, Nombre.",
    title     = "Nombre del Post",
    month     = "enero",
    year      = "2010",
    url       = "http://ejemplo.com"
}

@ARTICLE{NORMAN:201795,
    title = "Chapter 6 - Electronics Elements: A Detailed Discussion Originally from Integrated Security Systems Design. Thomas Norman: Butterworth-Heinemann, 2015. Updated by the editor, Elsevier, 2016.",
    editor    = "Lawrence J. Fennelly",
    booktitle = "Effective Physical Security (Fifth Edition)",
    publisher = "Butterworth-Heinemann",
    edition   = "Fifth Edition",
    pages     = "95-137",
    year      = "2017",
    isbn      = "978-0-12-804462-9",
    doi       = "https://doi.org/10.1016/B978-0-12-804462-9.00006-3",
    url       = "https://www.sciencedirect.com/science/article/pii/B9780128044629000063",
    author = "Thomas L. Norman"
}

@online{wikipedia:vvigilancia,
  author = {Wikipedia},
  title  = {Videovigilancia IP},
  month  = {Diciembre},
  year   = {2020},
  url    = {https://es.wikipedia.org/wiki/Videovigilancia_IP}
}

@online{marketsandmarkets:market-surveillance,
  author = {MarketsAndMarkets},
  title  = {Video Surveillance Market with COVID-19 Impact Analysis},
  month  = {Noviembre},
  year   = {2020},
  url    = {https://www.marketsandmarkets.com/Market-Reports/video-surveillance-market-645.html}
}

@online{iaarbook:artificialvision,
  author = {Raúl E. López Briega},
  title  = {Libro Online IAAR},
  month  = {Septiembre},
  year   = {2015},
  url    = {https://iaarbook.github.io/}
}

@online{iaarbook:deeplearning,
  author = {Raúl E. López Briega},
  title  = {Libro Online IAAR},
  month  = {Septiembre},
  year   = {2015},
  url    = {https://iaarbook.github.io/}
}

@online{medium:opencv,
  author = {TheResearchNest},
  title  = {Computer Vision Tools And Libraries},
  month  = {Abril},
  year   = {2020},
  url    = {https://medium.com/the-research-nest/computer-vision-tools-and-libraries-52bb34023bdf}
}

@ARTICLE{researchgate:ia,
  author = {Hugo Banda},
  title  = {Inteligencia Artificial: Principios y Aplicaciones},
  month  = {Abril},
  url    = {https://www.researchgate.net/publication/262487459_Inteligencia_Artificial_Principios_y_Aplicaciones},
  journal   = "Research Gate",
  year      = "2017",
  volume    = "50"
}

@article{digitalocean:machinelearning,
  author  = {Lisa Tagliaferri},
  title   = {An Introduction to Machine Learning},
  month   = {Septiembre},
  url     = {https://www.digitalocean.com/community/tutorials/an-introduction-to-machine-learning},
  journal = {Digital Ocean},
  year    = {2017},
}

@online{atriainnovation:ia,
  author = {Atria Innovation},
  title  = {Qué son las redes neuronales y sus funciones},
  month  = {Octubre},
  year   = {2019},
  url    = {https://www.atriainnovation.com/que-son-las-redes-neuronales-y-sus-funciones/}
}

@online{convolutional:ia,
  author = {Sumit Saha},
  title  = {A Comprehensive Guide to Convolutional Neural Networks},
  month  = {Diciembre},
  year   = {2018},
  url    = {https://towardsdatascience.com/a-comprehensive-guide-to-convolutional-neural-networks-the-eli5-way-3bd2b1164a53}
}

@article{Ganis,
  title     = {Agile Methods: Fact or Fiction},
  year      = {2010},
  url       = {https://tcf.pages.tcnj.edu/files/2013/12/ganis-tcf2010.pdf},
  journal   = "Research Gate",
  author    = {Matt Ganis},
}

@article{Winston,
  title   = {Managing the development of large software systems},
  year    = {1970},
  url     = {https://www.praxisframework.org/files/royce1970.pdf},
  journal = {IEEE WESCON},
  pages   = "328-338",
  author  = {Winston W. Royce}
}

@article{Bell&Thayer,
  title   = {Software requirements: Are they really a problem?},
  year    = {1976},
  url     = {https://static.aminer.org/pdf/PDF/000/361/405/software_requirements_are_they_really_a_problem.pdf},
  journal = {IEEE Computer Society Press},
  pages   = {61-68},
  author  = {Thomas E Bell and Thomas A Thayer}
}